<?xml version = "1.0" encoding = "UTF-8"?><record>
  <leader>00990nam#a2200313#c#4500</leader>
  <controlfield tag="005">20210408121335.0</controlfield>
  <controlfield tag="007">tu</controlfield>
  <controlfield tag="008">000823|1930####ja#######d####|||#|#chi#c</controlfield>
  <controlfield tag="003">DE-605</controlfield>
  <controlfield tag="001">990109478140206441</controlfield>
  <datafield tag="016" ind1="7" ind2=" ">
    <subfield code="a">1071446219</subfield>
    <subfield code="2">OCoLC</subfield>
  </datafield>
  <datafield tag="035" ind1=" " ind2=" ">
    <subfield code="a">(DE-605)HT012796134</subfield>
  </datafield>
  <datafield tag="040" ind1=" " ind2=" ">
    <subfield code="a">385</subfield>
    <subfield code="b">ger</subfield>
    <subfield code="d">HBZ/Red</subfield>
    <subfield code="e">rakwb</subfield>
  </datafield>
  <datafield tag="041" ind1=" " ind2=" ">
    <subfield code="a">chi</subfield>
    <subfield code="a">jpn</subfield>
  </datafield>
  <datafield tag="044" ind1=" " ind2=" ">
    <subfield code="c">XB-JP</subfield>
  </datafield>
  <datafield tag="100" ind1="1" ind2=" ">
    <subfield code="a">Ikeda, Shir&#333;jir&#333;</subfield>
    <subfield code="d">1864-1933</subfield>
    <subfield code="0">(DE-588)173399576</subfield>
    <subfield code="4">aut</subfield>
    <subfield code="0">(uri) https://portal.dnb.de/opac.htm?method=simpleSearch&amp;cqlMode=true&amp;query=idn=173399576</subfield>
    <subfield code="0">(uri) http://viaf.org/viaf/sourceID/DNB|173399576</subfield>
    <subfield code="B">GND-173399576</subfield>
  </datafield>
  <datafield tag="242" ind1="0" ind2="0">
    <subfield code="a">Zitatenlexikon</subfield>
    <subfield code="y">ger</subfield>
  </datafield>
  <datafield tag="245" ind1="1" ind2="0">
    <subfield code="a">Koji jukugo daijiten</subfield>
    <subfield code="c">Ikeda Shir&#333;jir&#333; cho</subfield>
  </datafield>
  <datafield tag="250" ind1=" " ind2=" ">
    <subfield code="a">92-han</subfield>
  </datafield>
  <datafield tag="264" ind1=" " ind2="1">
    <subfield code="a">T&#333;ky&#333;</subfield>
    <subfield code="b">H&#333;bunkan</subfield>
    <subfield code="c">Sh&#333;wa 15 [1930]</subfield>
  </datafield>
  <datafield tag="300" ind1=" " ind2=" ">
    <subfield code="a">[16], 206, 1750, 202, 8 S. : Ill.</subfield>
  </datafield>
  <datafield tag="655" ind1=" " ind2="7">
    <subfield code="a">Zitatensammlung</subfield>
    <subfield code="0">(DE-588)4117724-1</subfield>
    <subfield code="2">gnd-content</subfield>
  </datafield>
  <datafield tag="689" ind1="0" ind2="0">
    <subfield code="a">Klassisches Chinesisch</subfield>
    <subfield code="D">s</subfield>
    <subfield code="0">(DE-588)4114217-2</subfield>
    <subfield code="0">(uri) https://portal.dnb.de/opac.htm?method=simpleSearch&amp;cqlMode=true&amp;query=idn=041142179</subfield>
    <subfield code="0">(uri) http://viaf.org/viaf/sourceID/DNB|041142179</subfield>
    <subfield code="B">GND-041142179</subfield>
  </datafield>
  <datafield tag="960" ind1="1" ind2=" ">
    <subfield code="f">oas</subfield>
  </datafield>
  <datafield tag="964" ind1="0" ind2="s">
    <subfield code="F">030</subfield>
    <subfield code="A">a|1uc||||||17</subfield>
  </datafield>
  <datafield tag="964" ind1="0" ind2="s">
    <subfield code="F">050</subfield>
    <subfield code="A">a|||||||||||||</subfield>
  </datafield>
  <datafield tag="964" ind1="0" ind2="s">
    <subfield code="F">051</subfield>
    <subfield code="A">md||||||</subfield>
  </datafield>
  <datafield tag="035" ind1=" " ind2=" ">
    <subfield code="a">(OCoLC)1071446219</subfield>
    <subfield code="0">(uri) http://www.worldcat.org/oclc/1071446219</subfield>
  </datafield>
  <datafield tag="035" ind1=" " ind2=" ">
    <subfield code="a">(DE-599)HBZHT012796134</subfield>
  </datafield>
  <datafield tag="MBD" ind1=" " ind2=" ">
    <subfield code="M">49HBZ_NETWORK</subfield>
    <subfield code="i">990109478140206441</subfield>
    <subfield code="n">HBZ Network</subfield>
  </datafield>
  <datafield tag="MNG" ind1=" " ind2=" ">
    <subfield code="c">System</subfield>
    <subfield code="f">ILS</subfield>
    <subfield code="i">marc21</subfield>
    <subfield code="k">01</subfield>
    <subfield code="e">false</subfield>
    <subfield code="d">2021-07-22 04:48:32 Europe/Berlin</subfield>
    <subfield code="g">010947814-HBZ01</subfield>
    <subfield code="j">60</subfield>
    <subfield code="a">import</subfield>
    <subfield code="b">2021-04-05 19:02:25 Europe/Berlin</subfield>
  </datafield>
  <datafield tag="GST" ind1=" " ind2=" ">
    <subfield code="a">Wenyan</subfield>
    <subfield code="A">GND</subfield>
    <subfield code="B">GND-041142179</subfield>
    <subfield code="C">450</subfield>
  </datafield>
  <datafield tag="GST" ind1=" " ind2=" ">
    <subfield code="a">Wen-yen</subfield>
    <subfield code="A">GND</subfield>
    <subfield code="B">GND-041142179</subfield>
    <subfield code="C">450</subfield>
  </datafield>
  <datafield tag="GSI" ind1="7" ind2=" ">
    <subfield code="a">4114217-2</subfield>
    <subfield code="0">http://d-nb.info/gnd/4114217-2</subfield>
    <subfield code="2">gnd</subfield>
    <subfield code="A">GND</subfield>
    <subfield code="B">GND-041142179</subfield>
    <subfield code="C">024</subfield>
  </datafield>
  <datafield tag="GPN" ind1="1" ind2=" ">
    <subfield code="a">Ikeda, Roshu&#772;</subfield>
    <subfield code="d">1864-1933</subfield>
    <subfield code="A">GND</subfield>
    <subfield code="B">GND-173399576</subfield>
    <subfield code="C">400</subfield>
  </datafield>
  <datafield tag="GPN" ind1="1" ind2=" ">
    <subfield code="a">Ikeda, In</subfield>
    <subfield code="d">1864-1933</subfield>
    <subfield code="A">GND</subfield>
    <subfield code="B">GND-173399576</subfield>
    <subfield code="C">400</subfield>
  </datafield>
  <datafield tag="GSI" ind1="7" ind2=" ">
    <subfield code="a">http://d-nb.info/gnd/173399576</subfield>
    <subfield code="2">uri</subfield>
    <subfield code="A">GND</subfield>
    <subfield code="B">GND-173399576</subfield>
    <subfield code="C">024</subfield>
  </datafield>
</record>